@FOOTNOTE{Note1,key="Note1",note="This section is based on this publication: Y. Saleh, V. Sanjay, A. Iske, A.Yachmenev, J. K\IeC {\"u}pper, \protect \emph  {J. Chem. Phys.} \protect \textbf  {155}, 144109 (2021). My contribution to this publication was the development and implementation of several active learning algorithms and writing the manuscript."}
@CONTROL{REVTEX42Control}
@CONTROL{apsrev42Control,author="08",editor="1",pages="0",title="0",year="1"}
