%Please define the key in the form: FirstAuthorSurname:JournalAbbrevVol:number}
%please sort the entries alphabetically with respect the key
%
@Book{Lubich:QCMD,
  title        = {From quantum to classical molecular dynamics: reduced models and numerical
                  analysis},
  author       = {Lubich, Christian},
  year         = 2008,
  publisher    = {European Mathematical Society},
  doi          = {10.4171/067},
}

@Article{Neyshabur:arXiv1805,
  title        = {Towards understanding the role of over-parametrization in generalization of neural networks},
  author       = {Neyshabur, Behnam and Li, Zhiyuan and Bhojanapalli, Srinadh and LeCun, Yann and Srebro, Nathan},
  journal      = {arXiv preprint arXiv:1805.12076},
  year         = {2018}
}

@Article{Saleh:arXiv2308,
  title        = {Computing excited states of molecules using normalizing flows},
  author       = {Saleh, Yahya and Corral, {\'A}lvaro Fern{\'a}ndez and Iske, Armin and K{\"u}pper, Jochen and Yachmenev, Andrey},
  journal      = {arXiv preprint arXiv:2308.16468},
  year         = {2023},
}

@Article{Saleh:JCP155:144109,
  author       = {Saleh,Yahya and Sanjay, Vishnu and Iske, Armin and Yachmenev, Andrey and Küpper,
                  Jochen},
  title        = {Active learning of potential-energy surfaces of weakly bound complexes with
                  regression-tree ensembles},
  journal      = jcp,
  volume       = 155,
  number       = 14,
  pages        = 144109,
  year         = 2021,
  doi          = {10.1063/5.0057051},
  url          = {https://doi.org/10.1063/5.0057051},
  archiveprefix= {arXiv},
  eprint       = {2104.00708},
  primaryclass = {physics},
}

@PhdThesis{Saleh:thesis:2023,
  title        = {Spectral and active learning for enhanced and computationally scalable quantum
                  molecular dynamics},
  author       = {Yahya Saleh},
  year         = 2023,
  school       = {Universität Hamburg},
  address      = {{H}amburg, Germany},
  type         = {Dissertation},
  url          = {https://ediss.sub.uni-hamburg.de/handle/ediss/10390},
}

@Book{Shalev:ML:2014,
  title        = {Understanding machine learning: From theory to algorithms},
  author       = {Shalev-Shwartz, Shai and Ben-David, Shai},
  year         = 2014,
  publisher    = CUP,
  doi          = {10.1017/CBO9781107298019},
}

@misc{Shapire:ThML2019,
    author = {Schapire, Rob},
    title = {COS 511: Theoretical Machine Learning},
    howpublished = {Lecture Notes},
    month = {February},
    year = {2019},
    note = {Theoretical Machine Learning, Princeton University
Computer Science Department},
}
